@misc{glicko,
	author = {Mark E. Glickman},
	title = {The Glicko system},
	howpublished = {\url{http://http://www.glicko.net/glicko/glicko.pdf}},
}

@misc{glicko2,
	author = {Mark E. Glickman},
	title = {Example of the Glicko-2 system},
	year = {2013},
	month = {November},
	howpublished = {\url{http://www.glicko.net/glicko/glicko2.pdf}},
}

@misc{gmapsapi,
	author = "Google",
	title = "Google Maps API",
	howpublished = "\url{https://developers.google.com/maps/}"
}

@misc{qunit,
	author = "jQuery Foundation",
	title = "QUnit - JS Unit Testing",
	howpublished = "\url{https://qunitjs.com/}"
}

@misc{geolocation,
	author = "W3Schools",
	title = "Geolocation Tutorial",
	howpublished = "\url{http://www.w3schools.com/html/html5_geolocation.asp}"
}

@misc{djangoproject,
	author = "Django Software Foundation",
	title = "Django Web Framework",
	howpublished = "\url{https://www.djangoproject.com/}"
}
