@misc{glicko,
	author = {Mark E. Glickman},
	title = {The Glicko system},
	howpublished = {\url{http://http://www.glicko.net/glicko/glicko.pdf}},
}

@misc{glicko2,
	author = {Mark E. Glickman},
	title = {Example of the Glicko-2 system},
	year = {2013},
	month = {November},
	howpublished = {\url{http://www.glicko.net/glicko/glicko2.pdf}},
}
